@book{1,
	author = {Косников Ю.Н.},
	title = {Поверхностные модели в системах трехмерной компьютерной графики},
	date = {2007},
}

@book{2,
	author = {Роджерс Д.Ф.},
	title = {Алгоритмические основы машинной графики. },
	date = {1989},
}

@online{3,
	ALTauthor = {author},
	ALTeditor = {editor},
	title = {Закраска методом Гуро.},
	date = {date},
	url = {http://www.mari-el.ru/mmlab/home/kg/Lection11/3.html},
}

@online{4,
	author = {ВАДИМ РЕПИН},
	title = {Особенности моделирования света: Аппроксимации Фонга (Phong Shading)},
	date = {date},
	url = {https://www.ixbt.com/video/light-model-phong.html},
}

@manual{5,
	author = {П.В.Вельтмандер},
	title = {Основные алгоритмы компьютерной графики},
	date = {date},
}

@online{6,
	author = {Дмитрий Чеканов.},
	title = { Метод трассировки лучей против растеризации: новое поколение качества графики?},
	date = {date},
	url = {http://www.thg.ru/graphic/ray tracing rasterization/onepage.html},
}

@online{7,
	ALTauthor = {author},
	ALTeditor = {editor},
	title = {Стандарт языка С++11 согласно ISO.},
	date = {23.12.2019},
	url = {https://isocpp.org/std/the-standard},
}

@online{8,
	ALTauthor = {author},
	ALTeditor = {editor},
	title = {Qt Documentation},
	date = {date},
	url = {https://doc.qt.io/},
}

@online{9,
	ALTauthor = {author},
	ALTeditor = {editor},
	title = {std::thread},
	date = {date},
	url = {https://ru.cppreference.com/w/cpp/thread/thread},
}

@online{10,
	ALTauthor = {author},
	ALTeditor = {editor},
	title = {std::mutex},
	date = {date},
	url = {https://ru.cppreference.com/w/cpp/thread/mutex},
}

@online{11,
	ALTauthor = {author},
	ALTeditor = {editor},
	title = {<ctime> (time.h)},
	date = {date},
	url = {http://www.cplusplus.com/reference/ctime/},
}

